
@article{wilkinson2016fair,
  title={The FAIR Guiding Principles for scientific data management and stewardship},
  Author="Wilkinson, M. D.  and Dumontier, M.  and Aalbersberg, I. J.  and Appleton, G.  and Axton, M.  and Baak, A.  and Blomberg, N.  and Boiten, J. W.  and da Silva Santos, L. B.  and Bourne, P. E.  and Bouwman, J.  and Brookes, A. J.  and Clark, T.  and Crosas, M.  and Dillo, I.  and Dumon, O.  and Edmunds, S.  and Evelo, C. T.  and Finkers, R.  and Gonzalez-Beltran, A.  and Gray, A. J.  and Groth, P.  and Goble, C.  and Grethe, J. S.  and Heringa, J.  and 't Hoen, P. A.  and Hooft, R.  and Kuhn, T.  and Kok, R.  and Kok, J.  and Lusher, S. J.  and Martone, M. E.  and Mons, A.  and Packer, A. L.  and Persson, B.  and Rocca-Serra, P.  and Roos, M.  and van Schaik, R.  and Sansone, S. A.  and Schultes, E.  and Sengstag, T.  and Slater, T.  and Strawn, G.  and Swertz, M. A.  and Thompson, M.  and van der Lei, J.  and van Mulligen, E.  and Velterop, J.  and Waagmeester, A.  and Wittenburg, P.  and Wolstencroft, K.  and Zhao, J.  and Mons, B. ",
   
  journal={Scientific Data},
  volume={3},
  number={1},
  pages={1--9},
  year={2016},
  publisher={Nature Publishing Group}
}

@article{shabani2019reidentifiability,
  title={Re-identifiability of genomic data and the GDPR: Assessing the re-identifiability of genomic data in light of the EU General Data Protection Regulation},
  author={Shabani, Mahsa and Marelli, Luca},
  journal={EMBO reports},
  volume={20},
  number={6},
  pages={e48316},
  year={2019}
}

@article{broman2018data,
  title={Data organization in spreadsheets},
  author={Broman, Karl W and Woo, Kara H},
  journal={The American Statistician},
  volume={72},
  number={1},
  pages={2--10},
  year={2018},
  publisher={Taylor \& Francis}
}

@article{party2011advice,
  title={Advice paper on special categories of data (“sensitive data”)},
  author={Data Protection Working Party},
  journal={Article 29 of Directive 95/46/EC, Ares 444105},
  year={2011},
  url= {\url{https://ec.europa.eu/justice/article-29/documentation/other-document/files/2011/2011_04_20_letter_artwp_mme_le_bail_directive_9546ec_annex1_en.pdf}}
}

@article{allen2014publishing,
  title={Publishing: Credit where credit is due},
  author={Allen, Liz and Scott, Jo and Brand, Amy and Hlava, Marjorie and Altman, Micah},
  journal={Nature},
  volume={508},
  number={7496},
  pages={312--313},
  year={2014},
  publisher={Nature Publishing Group UK London}
}

@article{leblanc2019planning,
  title={Planning and leading effective meetings},
  author={LeBlanc, Linda A and Nosik, Melissa R},
  journal={Behavior Analysis in Practice},
  volume={12},
  number={3},
  pages={696--708},
  year={2019},
  publisher={Springer}
}

% doi: 10.1126/science.caredit.abb2664
@misc{gruber2020email,
  title={A scientist's guide to email etiquette},
  author={Gruber, J and Somerville L.H. and van Bavel, J.J.},
  journal={Science careers},
  url = {\url{http://doi.org/10.1126/science.caredit.abb2664}},
  year={2020}
}
@article{clance1978imposter,
  title={The imposter phenomenon in high achieving women: Dynamics and therapeutic intervention.},
  author={Clance, Pauline Rose and Imes, Suzanne Ament},
  journal={Psychotherapy: Theory, research \& practice},
  volume={15},
  number={3},
  pages={241},
  year={1978},
  publisher={Division of Psychotherapy (29), American Psychological Association}
}

@article{kruger1999unskilled,
  title={Unskilled and unaware of it: how difficulties in recognizing one's own incompetence lead to inflated self-assessments.},
  author={Kruger, Justin and Dunning, David},
  journal={Journal of personality and social psychology},
  volume={77},
  number={6},
  pages={1121},
  year={1999},
  publisher={American Psychological Association}
}

@article{sandve2013ten,
  title={Ten simple rules for reproducible computational research},
  author={Sandve, Geir Kjetil and Nekrutenko, Anton and Taylor, James and Hovig, Eivind},
  journal={PLoS computational biology},
  volume={9},
  number={10},
  pages={e1003285},
  year={2013},
  publisher={Public Library of Science San Francisco, USA}
}

@article{stawarczyk2023establishing,
  title={Establishing effective cross-disciplinary collaboration: Combining simple rules for reproducible computational research, a good data management plan, and good research practice},
  author={Stawarczyk, Bogna and Roos, Ma{\l}gorzata},
  journal={PLOS Computational Biology},
  volume={19},
  number={4},
  pages={e1011052},
  year={2023},
  publisher={Public Library of Science San Francisco, CA USA}
}

@article{knuth1984literate,
  title={Literate programming},
  author={Knuth, Donald Ervin},
  journal={The computer journal},
  volume={27},
  number={2},
  pages={97--111},
  year={1984},
  publisher={Oxford University Press}
}