@misc{knapp2015ten,
  title={Ten simple rules for a successful cross-disciplinary collaboration},
  author={Knapp, Bernhard and Bardenet, R{\'e}mi and Bernabeu, Miguel O and Bordas, Rafel and Bruna, Maria and Calderhead, Ben and Cooper, Jonathan and Fletcher, Alexander G and Groen, Derek and Kuijper, Bram and others},
  journal={PLoS Computational Biology},
  volume={11},
  number={4},
  pages={e1004214},
  year={2015},
  publisher={Public Library of Science San Francisco, CA USA}
}

@misc{aron2021ten,
  title={Ten simple rules for developing bioinformatics capacity at an academic institution},
  author={Aron, Shaun and Jongeneel, C Victor and Chauke, Paballo Abel and Chaouch, Melek and Kumuthini, Judit and Zass, Lyndon and Radouani, Fouzia and Kassim, Samar Kamal and Fadlelmola, Faisal M and Mulder, Nicola},
  journal={PLoS Computational Biology},
  volume={17},
  number={12},
  pages={e1009592},
  year={2021},
  publisher={Public Library of Science San Francisco, CA USA}
}

@misc{kumuthini2020ten,
  title={Ten simple rules for providing effective bioinformatics research support},
  author={Kumuthini, Judit and Chimenti, Michael and Nahnsen, Sven and Peltzer, Alexander and Meraba, Rebone and McFadyen, Ross and Wells, Gordon and Taylor, Deanne and Maienschein-Cline, Mark and Li, Jian-Liang and others},
  journal={PLoS computational biology},
  volume={16},
  number={3},
  pages={e1007531},
  year={2020},
  publisher={Public Library of Science San Francisco, CA USA}

@misc{knapp2015ten,
  title={Ten simple rules for a successful cross-disciplinary collaboration},
  author={Knapp, Bernhard and Bardenet, R{\'e}mi and Bernabeu, Miguel O and Bordas, Rafel and Bruna, Maria and Calderhead, Ben and Cooper, Jonathan and Fletcher, Alexander G and Groen, Derek and Kuijper, Bram and others},
  journal={PLoS Computational Biology},
  volume={11},
  number={4},
  pages={e1004214},
  year={2015},
  publisher={Public Library of Science San Francisco, CA USA}
}

@misc{cechova2020ten,
  title={Ten simple rules for biologists initiating a collaboration with computer scientists},
  author={Cechova, Monika},
  journal={PLoS Computational Biology},
  volume={16},
  number={10},
  pages={e1008281},
  year={2020},
  publisher={Public Library of Science San Francisco, CA USA}
}